@book{murasugi1996,
    title={Knot Theory and Its Applications},
    author={Kunio Murasugi and Kurpita, B.},
    isbn={9780817638177},
    lccn={96016329},
    url={https://books.google.com/books?id=VEJAAQAAIAAJ},
    year={1996},
    publisher={Birkh{\"a}user}
}
@book{kawauchi,
    author = {Aiko Kawauchi},
    title = {A Survey of Knot Theory},
    year = {1996},
    publisher = {Birkh{\"a}user},
    isbn = {0817651241}
}
@article{chantraine2010,
   title={Lagrangian Concordance of Legendrian Knots},
   volume={10},
   number={1},
   journal={Algebraic \& Geometric Topology},
   publisher={Mathematical Sciences Publishers},
   author={Baptiste Chantraine},
   year={2010},
   pages={63–-85}
}
@article{bourgeois15,
   title={Lagrangian Cobordisms via Generating Families: Construction and Geography},
   volume={15},
   number={4},
   journal={Algebraic \& Geometric Topology},
   publisher={Mathematical Sciences Publishers},
   author={Frédéric Bourgeois and Joshua M. Sabloff and Lisa Traynor},
   year={2015},
   pages={2439–-2477}
}
@book{boothby,
    address = {Amsterdam ; New York},
    edition = {Rev. 2nd ed},
    title = {An Introduction to Differentiable Manifolds and Riemannian Geometry},
    isbn = {9780121160517},
    publisher = {Academic Press},
    author = {Boothby, William M.},
    year = {2003},
    keywords = {Differentiable manifolds, Riemannian manifolds},
}
@article{swiatkowski,
    author = {J. {\'{S}}wi{\k{a}}tkowski},
    title = {On the Isotopy of Legendrian Knots},
    journal = {Annals of Global Analysis and Geometry},
    volume = {10},
    year = {1992},
    number = {3},
    pages = {195--207}
}
@misc{eliashberg2008unknot,
    title={Topologically Trivial Legendrian Knots}, 
    author={Y. Eliashberg and M. Fraser},
    year={2008},
    eprint={0801.2553},
    archivePrefix={arXiv},
    primaryClass={math.GT}
}
@article{chekanov,
    author = {Yuri Chekanov},
    title = {Differential Algebra of Legendrian Links},
    journal = {Inventiones Mathematicae},
    volume = {150},
    year = {2002},
    pages = {441--483}
}
@article{bennequin,
     author = {Daniel Bennequin},
     title = {Entrelacements et \'Equations de Pfaff},
     series = {Ast\'erisque},
     publisher = {Soci\'et\'e math\'ematique de France},
     number = {107--108},
     year = {1983}
}
@phdthesis{ng,
    author = {Lenhard Ng},
    title = {Invariants of Legendrian Links},
    year = {2001},
    school = {Massachusetts Institute of Technology}
}
@article{lu-zhong,
    author = {Bin Lu and Jianyuan Zhong},
    title = {The Kauffman Polynomials of Pretzel Knots},
    year = {2008},
    journal = {Journal of Knot Theory and Its Ramifications},
    volume = {17},
    number = {2},
    pages = {157--169}
}
@article{kauffman,
    author = {Louis Kauffman},
    title = {An Invariant of Regular Isotopy},
    journal = {Transcations of The American Mathematical Society},
    volume = {318},
    number = {2},
    year = {1990}
}
@article{rudolph,
    author = {Lee Rudolph},
    title = {A Congruence Between Link Polynomials},
    year = {1990},
    journal = {Mathematical Proceedings of the Cambridge Philosophical Society},
    volume = {107},
    pages = {319--327}
}
@article{ferrand,
  title={On Legendrian Knots and Polynomial Invariants},
  author={Emmanuel Ferrand},
  journal={Proceedings of the American Mathematical Society},
  volume={130},
  number={4},
  pages={1169--1176},
  year={2002}
}
@article{tabachnikov,
    title = {Estimates for the Benneqiun Number of Legendrian Links from State Models for Knot Polynomials},
    author = {Serge Tabachnikov},
    journal = {Mathematical Research Letters},
    volume = {4},
    pages = {143--156},
    year = {1997}
}
@article{fox-milnor,
    author = {Ralph Fox and John Milnor},
    title = {Singularities of 2-Spheres in 4-Space and Cobordism of Knots},
    journal = {Osaka Journal of Mathematics},
    volume = {3},
    pages = {257--267},
    year = {1966}
}
@article{chongchitmate,
    title = {An Atlas of Legendrian Knots},
    author= {Wutichai Chongchitmate and Lenhard Ng},
    journal = {Experimental Mathematics},
    volume = {22},
    year = {2013},
    number = {1},
    pages = {26--37}
}
@misc{atlas,
    title = {The Legendrian Knot Atlas},
    author= {Wutichai Chongchitmate and Lenhard Ng},
    year = {2015},
    month = {October},
    url = {http://alum.mit.edu/www/ng/atlas}
}
@article{gromov,
    title = {Pseudo-Holomorphic Curves in Symplectic Manifolds},
    author = {M. Gromov},
    year = {1985},
    journal = {Inventiones mathematicae},
    volume = {82},
    pages = {307--347},
    number = {2}
}
@online{luzhong-2bridge,
    author = {Bin Lu and Jianyuan Zhong},
    title = {The Kauffman Polynomials of 2-Bridge Knots},
    year = {2006},
    month = {June},
    eprint = {math/0606114},
    eprinttype = {arxiv},
    eprintclass = {math.GT}
}
@online{lamm,
    author = {Cristoph Lamm},
    title = {Symmetric Union Presentations for 2-Bridge Ribbon Knots},
    year = {2006},
    month = {February},
    eprint = {math/0602395},
    eprinttype = {arxiv},
    eprintclass = {math.GT}
}
@article{alexander-briggs,
    title = {On Types of Knotted Curves},
    author = {James Alexander and Garland Briggs},
    journal = {The Annals of Mathematics},
    volume = {28},
    number = {1},
    year = {1927},
    pages = {562--586}
}
@article{hoste,
    author = {Jim Hoste and Morwen Thistlethwaite and Jeff Weeks},
    title = {The First 1,701,936 Knots},
    journal = {The Mathematical Intelligencer},
    year = {1998},
    volume = {20},
    pages = {33--48}
}
@article{reidemeister,
    author = {Kurt Reidemeister},
    title = {Elementare Begründung der Knotentheorie},
    journal = {Abhandlungen aus dem Mathematischen Seminar der Universität Hamburg},
    year = {1927},
    volume = {5},
    pages = {24--32},
    number = {1}
}
@article{alexander-briggs-moves,
	ISSN = {0003486X},
	author = {James Alexander and Garland Briggs},
	journal = {Annals of Mathematics},
	number = {1/4},
	pages = {562--586},
	publisher = {Annals of Mathematics},
	title = {On Types of Knotted Curves},
	volume = {28},
	year = {1926}
}
@article{chantraine2015,
    title = {Lagrangian Concordance is not a Symmetric Relation},
    author = {Baptiste Chantraine},
    journal = {Quantum Topology},
    volume = {6},
    number = {3},
    pages = {451--474},
    year = {2015}
}
@unpublished{leverson-etnyre,
    title = {Lagrangian Realizations of Ribbon Cobordisms},
    author = {John Etnyre and Caitlin Leverson}
}
@article{fuchs-tabachnikov,
    title = {Invariants of Legendrian and Transverse Knots in the Standard Contact Space},
    author = {Dmitry Fuchs and Serge Tabachnikov},
    journal = {Topology},
    volume = {36},
    number = {5},
    pages = {1025--1053},
    year = {1997}
}
@article{pan,
    title = {The Augmentation Category Map Induced by Exact Lagrangian Cobordisms},
    author = {Yu Pan},
    journal = {Algebraic \& Geometric Topology},
    volume = {17},
    number = {3},
    pages = {1813--1870},
    year = {2017}
}
@article{cdrg,
    author = {Baptiste Chantraine and Georgios Dimitroglou Rizell and Paolo Ghiggini and Roman Golovko},
    title = {Floer Theory for Lagrangian Cobordisms},
    journal = {Journal of Differential Geometry},
    volume = {114},
    number = {3},
    pages = {393--365},
    year = {2020}
}
@article{baldwin,
    author = {John Baldwin and Tye Lidman and C-M Michael Wong},
    title = {Lagrangian Cobordisms and Legendrian Invariants in Knot Floer Homology},
    journal = {Michigan Mathematical Journal},
    year = {2019}
}
@article{lin,
    author = {Francesco Lin},
    title = {Exact Lagrangian Caps of Legendrian Knots},
    journal = {Journal of Symplectic Geometry},
    volume = {14},
    number = {1},
    pages = {269--295},
    year = {2016}
}
@article{geiges,
    title = {Contact Geometry},
    author = {Hansj\"org Geiges},
    journal = {Handbook of Contact Geometry},
    volume = {2},
    year = {2006},
    pages = {315--382}
}
@online{guadagni,
    author = {Roberta Guadagni and Joshua M. Sabloff and Matthew Yacavone},
    title = {Legendrian Satellites and Decomposable Cobordisms},
    year = {2021},
    month = {March},
    eprint = {2103.03340},
    eprinttype = {arxiv},
    eprintclass = {math.SG}
}
@article{cornwell,
    author = {Cristopher Cornwell and Lenhard Ng and Steven Sivek},
    title = {Obstructions to Lagrangian Concordance},
    journal = {Algebraic \& Geometric Topology},
    volume = {16},
    number = {2},
    pages = {796--824},
    year = {2016}
}
@article{torisu,
    author = {Ichiro Torisu},
    title = {On the Additivity of the Thurston-Bennequin Invariant of Legendrian Knots},
    journal = {Pacific Journal of Mathematics},
    volume = {210},
    number = {2},
    year = {2003},
}
@article{honda,
    author = {John Etnyre and Ko Honda},
    title = {On Connected Sums and Legendrian Knots},
    journal = {Advances in Mathematics},
    volume = {179},
    pages = {59--74},
    year = {2003}
}
@article{sabloff-whatis,
    author = {Joshua M. Sabloff},
    title = {What is a Legendrian Knot?},
    journal = {Notices of the American Mathematical Society},
    volume = {56},
    number = {10},
    pages = {1282--1284},
    year = {2009}
}
@article{rutherford,
    author = {Dan Rutherford},
    title = {The Bennequin Number, Kauffman Polynomial, and Ruling Invariants of a Legendrian Link: the Fuchs Conjecture and Beyond},
    journal = {International Mathematics Research Notices},
    year = {2006}
}
@online{my-code,
    author = {Raphael Walker},
    title = {Source Code for "Lagrangian Cobordisms of Legendrian Pretzel Knots with Maximal Thurston-Bennequin Number"},
    year = {2021},
    url = {https://github.com/slickytail/senior-thesis}
}
@article{mountain,
    author = {Douglas J. LaFountain and William Menasco},
    title = {Climbing a Legendrian Mountain Range without Stabilization},
    year = {2008},
    journal = {Banach Center Publications},
    volume = {100}
}
@article{etnyrehonda,
    title = {Knots and Contact Geometry I: Torus Knots and the Figure Eight Knot},
    author = {John Etnyre and Ko Honda},
    journal = {Journal of Symplectic Geomtry},
    volume = {1},
    number = {1},
    pages = {63--120},
    year = {2001}
}
